<?xml version="1.0" encoding="UTF-8"?><record xmlns="http://www.loc.gov/MARC21/slim" xmlns:cinclude="http://apache.org/cocoon/include/1.0" xmlns:zs="http://www.loc.gov/zing/srw/">
  <leader>00560cz  a2200133n  4500</leader>
  <controlfield tag="001">n  89624771 </controlfield>
  <controlfield tag="003">DLC</controlfield>
  <controlfield tag="005">19910417101005.8</controlfield>
  <controlfield tag="008">890421n| acannaab|          |n aaa |||  </controlfield>
  <datafield tag="010" ind1=" " ind2=" ">
    <subfield code="a">n  89624771 </subfield>
  </datafield>
  <datafield tag="040" ind1=" " ind2=" ">
    <subfield code="a">DLC</subfield>
    <subfield code="c">DLC</subfield>
    <subfield code="d">DLC</subfield>
  </datafield>
  <datafield tag="100" ind1="1" ind2="0">
    <subfield code="a">Eder, Jeanne M. Oyawin</subfield>
  </datafield>
  <datafield tag="670" ind1=" " ind2=" ">
    <subfield code="a">nuc89-44346: Her The Metis people of Canada and ... 1981?</subfield>
    <subfield code="b">(hdg. on WHi rept.: Eder, Jeanne M. Oyawin; usage: Jeanne M. Oyawin Eder)</subfield>
  </datafield>
  <datafield tag="670" ind1=" " ind2=" ">
    <subfield code="a">Josephy, A.M. Wounded Knee, c1990:</subfield>
    <subfield code="b">t.p. (Jeanne Eder) p. 55 (b. on Fort Peck, Mont., Indian reservation; doc. cand. in history, Wash. State Univ.)</subfield>
  </datafield>
</record>